<record><leader>00000cas a22000007a 4500</leader><controlfield tag="001">23816877</controlfield><controlfield tag="008">910522d19uu1929arudn ne      0    0eng d</controlfield><datafield ind1=" " ind2=" " tag="010"><subfield code="a">sn 91050062 </subfield></datafield><datafield ind1=" " ind2=" " tag="040"><subfield code="a">ANU</subfield><subfield code="b">eng</subfield><subfield code="c">ANU</subfield><subfield code="d">OCLCQ</subfield><subfield code="d">OCLCF</subfield><subfield code="d">OCLCO</subfield></datafield><datafield ind1="1" ind2=" " tag="029"><subfield code="a">AU@</subfield><subfield code="b">000025856484</subfield></datafield><datafield ind1=" " ind2=" " tag="042"><subfield code="a">msc</subfield></datafield><datafield ind1=" " ind2=" " tag="043"><subfield code="a">n-us-ar</subfield></datafield><datafield ind1="0" ind2=" " tag="130"><subfield code="a">Siftings herald (Arkadelphia, Ark. : Daily)</subfield></datafield><datafield ind1="1" ind2="4" tag="245"><subfield code="a">The Siftings herald.</subfield></datafield><datafield ind1=" " ind2=" " tag="250"><subfield code="a">Daily ed.</subfield></datafield><datafield ind1=" " ind2=" " tag="260"><subfield code="a">Arkadelphia, Ark. :</subfield><subfield code="b">Siftings Herald Print. Co.</subfield></datafield><datafield ind1=" " ind2=" " tag="300"><subfield code="a">v.</subfield></datafield><datafield ind1=" " ind2=" " tag="310"><subfield code="a">Daily (except Sunday)</subfield></datafield><datafield ind1="0" ind2=" " tag="362"><subfield code="a">-v. 8, no. 183 (June 24, 1929).</subfield></datafield><datafield ind1=" " ind2=" " tag="580"><subfield code="a">Weekly ed.: Siftings herald (Arkadelphia, Ark. : Weekly) (non-extant).</subfield></datafield><datafield ind1=" " ind2=" " tag="580"><subfield code="a">Formed by the union of: Siftings (Arkadelphia, Ark.) (non-extant), and: Herald (Arkadelphia, Ark.) (non-extant).</subfield></datafield><datafield ind1=" " ind2=" " tag="588"><subfield code="a">Description based on: 39th year, no. 2 (Nov. 23, 1920).</subfield></datafield><datafield ind1=" " ind2="0" tag="651"><subfield code="a">Arkadelphia (Ark.)</subfield><subfield code="v">Newspapers.</subfield></datafield><datafield ind1=" " ind2="7" tag="655"><subfield code="a">Newspapers.</subfield><subfield code="2">fast</subfield><subfield code="0">(OCoLC)fst01423814</subfield></datafield><datafield ind1=" " ind2="7" tag="651"><subfield code="a">Arkansas</subfield><subfield code="z">Arkadelphia.</subfield><subfield code="2">fast</subfield><subfield code="0">(OCoLC)fst01203041</subfield></datafield><datafield ind1=" " ind2=" " tag="752"><subfield code="a">United States</subfield><subfield code="b">Arkansas</subfield><subfield code="c">Clark</subfield><subfield code="d">Arkadelphia.</subfield></datafield><datafield ind1="1" ind2=" " tag="775"><subfield code="t">Siftings herald (Arkadelphia, Ark. : Weekly)</subfield></datafield><datafield ind1="1" ind2="4" tag="780"><subfield code="t">Siftings (Arkadelphia, Ark.)</subfield></datafield><datafield ind1="1" ind2="4" tag="780"><subfield code="t">Herald (Arkadelphia, Ark.)</subfield></datafield><datafield ind1="0" ind2="0" tag="785"><subfield code="t">Daily siftings herald</subfield><subfield code="w">(DLC)sn 91050063</subfield></datafield></record>